
@book{robinson_2020, place={Cambridge}, title={An Introduction to Functional Analysis}, DOI={10.1017/9781139030267}, publisher={Cambridge University Press}, author={Robinson, James C.}, year={2020}}