%% This BibTeX bibliography file was created using BibDesk.
%% https://bibdesk.sourceforge.io/

%% Created for 刘之洲 at 2022-05-03 20:22:46 +0800 


%% Saved with string encoding Unicode (UTF-8) 



@book{brin2002introduction,
	author = {Brin, Michael and Stuck, Garrett},
	date-added = {2022-05-03 20:17:04 +0800},
	date-modified = {2022-05-03 20:17:04 +0800},
	publisher = {Cambridge university press},
	title = {Introduction to dynamical systems},
	year = {2002}}

@inproceedings{williams1955note,
	title={A note on unstable homeomorphisms},
	author={Williams, Robert F},
	booktitle={Proc. Amer. Math. Soc},
	volume={6},
	number={2},
	pages={308--309},
	year={1955}
}

 @misc{ enwiki:1086512997,
	author = "{Wikipedia contributors}",
	title = "Ergodicity --- {Wikipedia}{,} The Free Encyclopedia",
	year = "2022",
	howpublished = "\url{https://en.wikipedia.org/w/index.php?title=Ergodicity&oldid=1086512997}",
	note = "[Online; accessed 20-May-2022]"
}

@book{Stein:1385521,
	author        = "Stein, Elias M and Shakarchi, Rami",
	title         = "{Real analysis: measure theory, integration, and Hilbert
	spaces}",
	publisher     = "Princeton Univ. Press",
	address       = "Princeton, NJ",
	series        = "Princeton lectures in analysis",
	year          = "2005",
	url           = "https://cds.cern.ch/record/1385521",
}
